%%%%%%%%%%%%%%%%%%%%%%%%%%%%%%%%%%%%%%%%%%%%%%%%%%%%%%%%%%%%%%%%%%%%%%%%%%%%%%%%
%                              STARTING ARTICLES                               %
%%%%%%%%%%%%%%%%%%%%%%%%%%%%%%%%%%%%%%%%%%%%%%%%%%%%%%%%%%%%%%%%%%%%%%%%%%%%%%%%
@article{HubbardSimul,
  author  = {R. Barends, L. Lamata, J. Kelly, L. García-Álvarez and Others},
  title   = {Digital quantum simulation of fermionic models with a superconducting circuit},
  journal = {Nature communications},
  year    = {2015},
  DOI     = {10.1038/ncomms8654}
}
@article{HubbardSimulLasHeras,
  author  = {Urtzi Las Heras, Laura García-Álvarez, Antonio Mezzcapo, Enrique Solano and Lucas Lamata},
  title   = {Fermionic models with superconducting circuits},
  journal = {EPJ Quantum Technology},
  year    = {2015},
  DOI     = {10.1140/epjqt/s40507-015-0021-5}
}
@book{TimeSimulFunds,
  author    = {Goong Chen, Louis Kauffman, Samuel J. Lomonaco},
  title     = {Mathematics of Quantum COmputation and Quantum Technology},
  year      = {2008},
  publisher = {Taylor & Francis Group},
  address   = {Boca Ratón, FL},
}

%%%%%%%%%%%%%%%%%%%%%%%%%%%%%%%%%%%%%%%%%%%%%%%%%%%%%%%%%%%%%%%%%%%%%%%%%%%%%%%%
%                     SEMINAL OR FUNDAMENTAL REFERENCES                        %
%%%%%%%%%%%%%%%%%%%%%%%%%%%%%%%%%%%%%%%%%%%%%%%%%%%%%%%%%%%%%%%%%%%%%%%%%%%%%%%%
@article{LloydNature,
  author  = {Seth Lloyd},
  title   = {Universal Quantum Simulators},
  journal = {Nature},
  year    = {1996}
}
@article{SuzukiFormula,
  author  = {Masuo Suzuki},
  title   = {Fractal decomposition of exponential operators with applications to many-body theories and Monte Carlo simulations},
  journal = {Physics Letters A},
  year    = {1990},
  DOI     = {10.1016/0375-9601(90)90962-n}
}
@article{BerryErrorBounds,
  author  = {Dominic. W. Berry, Graeme Ahokas, Richard Cleve and Barry C. Sanders},
  title   = {Efficient quantum algorithms for simulating sparse Hamiltonians},
  journal = {Communications in Mathematical Physics},
  year    = {2006},
  DOI     = {10.1007/s00220-006-0150-x}
}
@article{Feynman1982,
  author  = {Richard P. Feynman},
  title   = {Simulating Physics with Computers},
  journal = {International Journal of Theoretical Physics},
  year    = {1982},
  DOI     = {10.1007/bf02650179}
}
%%%%%%%%%%%%%%%%%%%%%%%%%%%%%%%%%%%%%%%%%%%%%%%%%%%%%%%%%%%%%%%%%%%%%%%%%%%%%%%%
%                            CONCEPTUAL REFERENCES                             %
%%%%%%%%%%%%%%%%%%%%%%%%%%%%%%%%%%%%%%%%%%%%%%%%%%%%%%%%%%%%%%%%%%%%%%%%%%%%%%%%
@book{Strini,
  author    = {Giuliano Benenti, Giulio Casati and Giuliano Strini},
  title     = {Principles of Quantum Computation and Information. Volume I: Basic Concepts},
  year      = {2004},
  publisher = {World Scientific}
}
@book{Nielsen,
  author    = {M. Nielsen, I Chuang},
  title     = {Quantum Computation and Quantum Information},
  year      = {2010},
  publisher = {Cambridge University Press}
}
@book{Beck,
  author    = {Mark Beck},
  title     = {Quantum Mechanics. Theory and Experiment},
  year      = {2012},
  publisher = {Cambridge University Press}
}

%%%%%%%%%%%%%%%%%%%%%%%%%%%%%%%%%%%%%%%%%%%%%%%%%%%%%%%%%%%%%%%%%%%%%%%%%%%%%%%%
%                   SUPPORTING OR COMPLEMENTARY REFERENCES                     %
%%%%%%%%%%%%%%%%%%%%%%%%%%%%%%%%%%%%%%%%%%%%%%%%%%%%%%%%%%%%%%%%%%%%%%%%%%%%%%%%
@article{BravyiKitaev,
  author  = {Sergey B. Bravyi and Alexei Yu. Kitaev},
  title   = {Fermionic Quantum Computation},
  journal = {Annals of Physics},
  year    = {2002},
  DOI     = {10.1006/aphy.2002.6254}
}
@article{QuantumChem1,
  author  = {Sam McArdle, Suguru Endo, Alán Aspuru-Guzik, Simon C. Benajamin and Xiao Yuan},
  title   = {Quantum computational chemistry},
  journal = {Physical Review X},
  year    = {2016},
  DOI     = {10.1103/PhysRevX.6.031007}
}
@article{QuantumChem2,
  author  = {Cao, Yudong, Romero, Jonathan, Olson, Jonathan P., Degroote, Matthias, Johnson, Peter D., Kieferová, Mária, Kivlichan, Ian D., Menke, Tim, Peropadre, Borja, Sawaya, Nicolas P. D., Sim, Sukin, Veis, Li},
  title   = {Quantum Chemistry in the Age of Quantum Computing},
  journal = {Chemical Reviews},
  year    = {2019},
  DOI     = {10.1021/acs.chemrev.8b00803}
}
@article{H2SimulGreat,
  author  = {P. J. J. O'Malley, R. Babbush, I. D. Kivlichan, J. Romero, J. R. McClean, R. Barends, J. Kelly, P. Roushan and others},
  title   = {Scalable Quantum Simulation of Molecular Energies},
  journal = {Reviews of Modern Physics},
  year    = {2020},
  DOI     = {10.1103/revmodphys.92.015003}
}
@misc{MajoranaFerms,
  author        = {John P. T. Stenger and Nicholas T. Bronn and Daniel J. Egger and David Pekker},
  title         = {Simulating the dynamics of braiding of Majorana zero modes using an IBM quantum computer},
  year          = {2021},
  eprint        = {2012.11660},
  archivePrefix = {arXiv},
  primaryClass  = {quant-ph}
}
@article{HubbardIons,
  author  = {Casanova, J. and Mezzacapo, A. and Lamata, L. and Solano, E.},
  title   = {Quantum Simulation of Interacting Fermion Lattice Models in Trapped Ions},
  journal = {Physical Review Letters},
  year    = {2012},
  DOI     = {10.1103/physrevlett.108.190502}
}
@article{LloydFermSim,
  author  = {Daniel S. Abrams and Seth Lloyd},
  title   = {Simulation of Many-Body Fermi Systems on a Universal Quantum Computer},
  journal = {Physical Review Letters},
  year    = {1997},
  DOI     = {10.1103/physrevlett.79.2586}
}
@article{HubbardOriginal,
  author  = {J. Hubbard},
  title   = {Electron Correlations in Narrow Energy Bands},
  journal = {Proceedings of the Royal Society of London. Series A, Mathematical and Physical Sciences},
  year    = {1963},
  DOI     = {10.2307/2414761}
}
